<record><leader>00000cas a22000007a 4500</leader><controlfield tag="001">10293412</controlfield><controlfield tag="008">840112d18441852njuwr ne      0    0eng d</controlfield><datafield ind1=" " ind2=" " tag="010"><subfield code="a">sn 84025701 </subfield></datafield><datafield ind1=" " ind2=" " tag="040"><subfield code="a">NPV</subfield><subfield code="b">eng</subfield><subfield code="c">NPV</subfield><subfield code="d">NPU</subfield><subfield code="d">NPX</subfield><subfield code="d">NPA</subfield><subfield code="d">NJW</subfield><subfield code="d">KRTAS</subfield><subfield code="d">OCLCQ</subfield></datafield><datafield ind1="1" ind2=" " tag="029"><subfield code="a">NZ1</subfield><subfield code="b">16064869</subfield></datafield><datafield ind1=" " ind2=" " tag="042"><subfield code="a">msc</subfield></datafield><datafield ind1=" " ind2=" " tag="045"><subfield code="a">w4w5</subfield></datafield><datafield ind1=" " ind2=" " tag="052"><subfield code="a">3813</subfield><subfield code="b">U5</subfield></datafield><datafield ind1="0" ind2="0" tag="245"><subfield code="a">Essex standard.</subfield></datafield><datafield ind1=" " ind2=" " tag="260"><subfield code="a">Elizabeth-Town [N.J.] :</subfield><subfield code="b">James S. &amp; John Drake</subfield></datafield><datafield ind1=" " ind2=" " tag="300"><subfield code="a">v.</subfield></datafield><datafield ind1=" " ind2=" " tag="310"><subfield code="a">Weekly,</subfield><subfield code="b">&lt;1845-1847&gt;</subfield></datafield><datafield ind1=" " ind2=" " tag="321"><subfield code="a">Semiweekly,</subfield><subfield code="b">&lt;1844&gt;</subfield></datafield><datafield ind1="1" ind2=" " tag="362"><subfield code="a">Began in 1844; ceased in 1852?</subfield></datafield><datafield ind1=" " ind2=" " tag="500"><subfield code="a">Publishers: James S. &amp; John Drake, &lt;1844&gt;; James S. Drake, &lt;1847&gt;.</subfield></datafield><datafield ind1=" " ind2=" " tag="580"><subfield code="a">Continued by: Essex daily standard (non-extant?).</subfield></datafield><datafield ind1=" " ind2=" " tag="588"><subfield code="a">Description based on: Vol. 1, no. 19 (Nov. 19, 1844).</subfield></datafield><datafield ind1=" " ind2=" " tag="752"><subfield code="a">United States</subfield><subfield code="b">New Jersey</subfield><subfield code="c">Union</subfield><subfield code="d">Elizabeth.</subfield></datafield><datafield ind1="1" ind2="0" tag="785"><subfield code="t">Essex daily standard</subfield></datafield><datafield ind1=" " ind2=" " tag="938"><subfield code="a">Kirtas Technologies, Inc.</subfield><subfield code="b">KRTS</subfield><subfield code="n">738036</subfield></datafield></record>